@book{lipovaca2011learn,
	title={Learn {You} a {Haskell} for {Great} {Good}!: {A} {Beginner}'s {Guide}},
	author={Lipova\v{c}a, Miran},
	year={2011},
	publisher={no starch press}
}

@book{hutton2016programming,
	title={Programming in {Haskell}},
	author={Hutton, Graham},
	year={2016},
	publisher={Cambridge University Press}
}

@inproceedings{wadler1995monads,
	title={Monads for functional programming},
	author={Wadler, Philip},
	booktitle={International School on Advanced Functional Programming},
	pages={24--52},
	year={1995},
	organization={Springer}
}

@incollection{jones2000tackling,
	author = {Peyton Jones, Simon},
	title = {Tackling the {Awkward} {Squad}: monadic input/output, concurrency, exceptions, and foreign-language calls in {Haskell}},
	booktitle = {Engineering theories of software construction, Marktoberdorf Summer School 2000},
	publisher = {IOS Press},
	year = {2001},
	editor = {Hoare, CAR and Broy, M and Steinbrueggen, R},
	series = {NATO ASI Series},
	pages = {47--96}
}
